<record><leader>00000cas a22000007a 4500</leader><controlfield tag="001">16727553</controlfield><controlfield tag="008">870922d18971897ohuwr ne      0    0eng d</controlfield><datafield ind1=" " ind2=" " tag="010"><subfield code="a">sn 87075100 </subfield></datafield><datafield ind1=" " ind2=" " tag="040"><subfield code="a">ONP</subfield><subfield code="b">eng</subfield><subfield code="c">ONP</subfield><subfield code="d">OCLCQ</subfield></datafield><datafield ind1=" " ind2=" " tag="042"><subfield code="a">msc</subfield></datafield><datafield ind1="0" ind2=" " tag="130"><subfield code="a">Portsmouth Republican (Portsmouth, Ohio : 1897)</subfield></datafield><datafield ind1="1" ind2="4" tag="245"><subfield code="a">The Portsmouth Republican.</subfield></datafield><datafield ind1=" " ind2=" " tag="260"><subfield code="a">Portsmouth, Ohio :</subfield><subfield code="b">[J.E. Valjean],</subfield><subfield code="c">-1897.</subfield></datafield><datafield ind1=" " ind2=" " tag="310"><subfield code="a">Weekly</subfield></datafield><datafield ind1="1" ind2=" " tag="362"><subfield code="a">Began with Apr. 10, 1897 issue.</subfield></datafield><datafield ind1="0" ind2=" " tag="362"><subfield code="a">-v. 62, no. 36 (Dec. 11, 1897).</subfield></datafield><datafield ind1=" " ind2=" " tag="500"><subfield code="a">Published on Saturday.</subfield></datafield><datafield ind1=" " ind2=" " tag="580"><subfield code="a">Appeared concurrently with: Portsmouth tribune (Portsmouth, Ohio : 1882).</subfield></datafield><datafield ind1=" " ind2=" " tag="588"><subfield code="a">Description based on: Vol. 1, no. 2 (Apr. 17, 1897).</subfield></datafield><datafield ind1=" " ind2=" " tag="752"><subfield code="a">United States</subfield><subfield code="b">Ohio</subfield><subfield code="c">Scioto</subfield><subfield code="d">Portsmouth.</subfield></datafield><datafield ind1="0" ind2="0" tag="785"><subfield code="t">Scioto County Democrat</subfield><subfield code="w">(DLC)sn8700075101</subfield></datafield><datafield ind1="1" ind2=" " tag="787"><subfield code="t">Portsmouth tribune (Portsmouth, Ohio : 1882)</subfield><subfield code="w">(DLC)sn 85038055</subfield></datafield></record>